02RETORNO01COBRANCA       036700035391        UNIAO EDUC E TEC IMPACTA      341BANCO ITAU S.A.06051301600BPI00229070513                                                                                                                                                                                                                                                                                   000001
10203734487000124036700035391                                 56708075            157567080754             I2906051378110345-256708075            301211000000001197034100000  000000000045000000000000000000000000000000000000000000000000000000000000000000000000000000000000000000000000000000000         00000000000000000000000JULIO EGER DE MOURA                                                   000002
10203734487000124036700035391                                 57069444            157570694443             I2906051318353     57069444            301211000000010860034100000  000000000045000000000000000000000000000000000000000000000000000000000000000000000000000000000000000000000000000000000         00000000000000000000000EMPRESA BRASILEIRA DE TELECOMU                                        000003
10203734487000124036700035391                                 57503854            157575038547             I2906051318459     57503854            301211000000021453334100000  000000000045000000000000000000000000000000000000000000000000000000000000000000000000000000000000000000000000000000000         00000000000000000000000EMPRESA BRASILEIRA DE TELECOMU                                        000004
10203734487000124036700035391                                 57504955            157575049551             I2906051318460     57504955            301211000000151800034100000  000000000045000000000000000000000000000000000000000000000000000000000000000000000000000000000000000000000000000000000         00000000000000000000000T-SYSTEMS DO BRASIL LTDA                                              000005
10203734487000124036700035391                                 58555233            157585552339             I2906051318735     58555233            301211000000021785034100000  000000000045000000000000000000000000000000000000000000000000000000000000000000000000000000000000000000000000000000000         00000000000000000000000CNEC WORLEYPARSONS ENGENHARIA                                         000006
9201341          000000000000000000000000000000          0000000700000002481035  07/05L                                                  000000000000000000000000000000          000000000000000000000000000000002290000000500000002070953                                                                                                                                                                000007
