02RETORNO01COBRANCA       036700782851        UNIAO EDUC E TEC IMPACTA      341BANCO ITAU S.A.07061301600BPI00770100613                                                                                                                                                                                                                                                                                   000001
10203734487000124036700782851                                 33860256            157338602561             I02070613181302046433860256            100613000000003639834105512  000000000000000000000000000000000000000000000000000000000000000000000000000000000000000000000000000000000000000000000         00000000000000000000000TIAGO HENRIQUE ZAVANELLI SILVA                                        000002
10203734487000124036700782851                                 33860823            157338608238             I02070613301209071033860823            100613000000001177534128613  000000000000000000000000000000000000000000000000000000000000000000000000000000000000000000000000000000000000000000000         00000000000000000000000LUIZ OTAVIO MARIANO                                                   000003
10203734487000124036700782851        003734487000124000000778800003292            176000032923             I06070613000000329200003292            07061300000000532000330435801000000000016400000000000000000000000000000000000000000000000000000000000000000000000005303600000000000000000000000000   10061300000000000000000000000SUMIKO ARAI KAJIHARA                                                B3000004
10203734487000124036700782851        003734487000124000000778800003297            176000032972             I06070613000000329700003297            07061300000000894902373114601000000000016400000000000000000000000000000000000000000000000000000000000000000000000008932600000000000000000000000000   10061300000000000000000000000MARCO ANTONIO SANTOS TEIXEIRA                                       B2000005
10203734487000124036700782851        003734487000124000000778800003301            176000033012             I06070613000000330100003301            07061300000000970021040259201000000000016400000000000000000000000000000000000000000000000000000000000000000000000009683800000000000000000000000000   10061300000000000000000000000ALINE ALGARVE                                                       B2000006
10203734487000124036700782851        003734487000124000000778800003311            176000033111             I06070613000000331100003311            08061300000000950003411000901000000000016400000000000000000000000000000000000000000000000000000000000000000000000009483600000000000000000000000000   10061300000000000000000000000YURE MACHADO DE PAULA                                               BL000007
10203734487000124036700782851        003734487000124000000778800003314            176000033145             I06070613000000331400003314            08061300000000457983418422801000000000016400000000000000000000000000000000000000000000000000000000000000000000000004563400000000000000000000000000   10061300000000000000000000000ELAINE NONATO LO SOUSA                                              AA000008
10203734487000124036700782851        003734487000124000000778800003316            176000033160             I06070613000000331600003316            08061300000000294703413799401000000000016400000000000000000000000000000000000000000000000000000000000000000000000002930600000000000000000000000000   10061300000000000000000000000LAERCIO FERREIRA LIMA                                               BL000009
10203734487000124036700782851        003734487000124000000778800003326            176000033269             I06070613000000332600003326            08061300000000742450014093101000000000016400000000000000000000000000000000000000000000000000000000000000000000000007408100000000000000000000000000   10061300000000000000000000000BRUNA SILVA DE ALMEIDA                                              B3000010
10203734487000124036700782851                                 00003339            176000033392             I06070613          00003339            000000000000005600023700992  000000000016400000000000000000000000000000000000000000000000000000000000000000000000005583600000000000000000000000000   10061300000000000000000000000                                                                    B3000011
10203734487000124036700782851                                 00003337            178000033372             I06070613          00003337            000000000000001622634162000  000000000004000000000000000000000000000000000000000000000000000000000000000000000000001618600000000000000000000000000   10061300000000000000000000000                                                                    BL000012
9201341          000000000000000000000000000000          000000000000000000000000000000                                                  000000000000000000000000000000          0000004900000008613956  10/06S007700000001100000000604604                                                                                                                                                                000013
