02RETORNO01COBRANCA       036700782851        UNIAO EDUC E TEC IMPACTA      341BANCO ITAU S.A.07051301600BPI00748080513                                                                                                                                                                                                                                                                                   000001
10203734487000124036700782851                                 00002893            176000028939             I06070513          00002893            000000000000007581034196917  000000000016400000000000000000000000000000000000000000000000000000000000000000000000007564600000000000000000000000000   08051300000000000000000000000                                                                    CP000002
9201341          000000000000000000000000000000          000000000000000000000000000000                                                  000000000000000000000000000000          0000003000000008047803  08/05S007480000000100000000075810                                                                                                                                                                000003
