02RETORNO01COBRANCA       036700035391        UNIAO EDUC E TEC IMPACTA      341BANCO ITAU S.A.11031301600BPI00224120313                                                                                                                                                                                                                                                                                   000001
10203734487000124036700035391                                 55059336            157550593367             I2911031317850     55059336            071212000000019223634100000  000000000045000000000000000000000000000000000000000000000000000000000000000000000000000000000000000000000000000000000         00000000000000000000000COMPANHIA DE SEGUROS ALIANCA D                                        000002
9201341          000000000000000000000000000000          0000000700000002481035  12/03L                                                  000000000000000000000000000000          000000000000000000000000000000002240000000100000000192236                                                                                                                                                                000003
