02RETORNO01COBRANCA       036700782851        UNIAO EDUC E TEC IMPACTA      341BANCO ITAU S.A.11061301600BPI00772120613                                                                                                                                                                                                                                                                                   000001
10203734487000124036700782851                                 19948069            156199480695             I0211061346215     19948069            300613000000010405834128613  000000000026400000000000000000000000000000000000000000000000000000000000000000000000000000000000000000000000000000000         00000000000000000000000CARREFOUR COMERCIO E INDUSTRIA                                        000002
10203734487000124036700782851                                 32530004            157325300047             I04110613361305029732530004            100713000000002522534100018  000000000000000000000000000000000000000000000000000000000000000000000000000000000000000000000000000000000000000000000         00000000000000000000000ROMULO CARDOSO COSTA DA SILVA                                         000003
10203734487000124036700782851        003734487000124000000778800003366            176000033665             I06110613000000336600003366            12061300000001787022371231001000000000016400000000000000000000000000000000000000000000000000000000000000000000000017853800000000000000000000000000   12061300000000000000000000000DAVID MINORU SATO                                                   B3000004
10203734487000124036700782851        003734487000124000000778800003369            176000033699             I06110613000000336900003369            12061300000000435083410759101000000000016400000000000000000000000000000000000000000000000000000000000000000000000004334400000000000000000000000000   12061300000000000000000000000LUCIANA REGINA DE OLIVEIRA                                          AA000005
10203734487000124036700782851        003734487000124000000778800003371            176000033715             I06110613000000337100003371            12061300000001619282370133901000000000016400000000000000000000000000000000000000000000000000000000000000000000000016176400000000000000000000000000   12061300000000000000000000000DIOGE XAVIER SOUZA                                                  B2000006
10203734487000124036700782851                                 00003376            176000033764             I06110613          00003376            000000000000013080000133845  000000000016400000000000000000000000000000000000000000000000000000000000000000000000013063600000000000000000000000000   12061300000000000000000000000                                                                    B2000007
10203734487000124036700782851                                 00003378            176000033780             I06110613          00003378            000000000000009474534181257  000000000016400000000000000000000000000000000000000000000000000000000000000000000000009458100000000000000000000000000   12061300000000000000000000000                                                                    BL000008
10203734487000124036700782851                                 00003382            176000033822             I06110613          00003382            000000000000009975003342523  000000000016400000000000000000000000000000000000000000000000000000000000000000000000009958600000000000000000000000000   12061300000000000000000000000                                                                    B3000009
10203734487000124036700782851                                 00003384            176000033848             I06110613          00003384            000000000000009474534137952  000000000016400000000000000000000000000000000000000000000000000000000000000000000000009458100000000000000000000000000   12061300000000000000000000000                                                                    BL000010
10203734487000124036700782851                                 00003390            176000033905             I06110613          00003390            000000000000000750034109258  000000000016400000000000000000000000000000000000000000000000000000000000000000000000000733600000000000000000000000000   12061300000000000000000000000                                                                    AA000011
10203734487000124036700782851                                 00003406            176000034069             I06110613          00003406            000000000000002000034103673  000000000016400000000000000000000000000000000000000000000000000000000000000000000000001983600000000000000000000000000   12061300000000000000000000000                                                                    BL000012
9201341          000000000000000000000000000000          000000000000000000000000000000                                                  000000000000000000000000000000          0000004200000008442253  12/06S007720000001100000000960961                                                                                                                                                                000013
