02RETORNO01COBRANCA       036700782851        UNIAO EDUC E TEC IMPACTA      341BANCO ITAU S.A.14051301600BPI00753150513                                                                                                                                                                                                                                                                                   000001
10203734487000124036700782851                                 30019548            157300195487             I06140513421301018730019548            140513000000000503034184715  000000000016400000000000000000000000000000000000000000000000000000000000000000000000000486600000000000000000000000000   15051300000000000000000000000NATHALIA DA COSTA NUNES                                             BL000002
10203734487000124036700782851        003734487000124000000778800002987            176000029879             I06140513000000298700002987            15051300000000758103411667501000000000016400000000000000000000000000000000000000000000000000000000000000000000000007564600000000000000000000000000   15051300000000000000000000000INGRID  FIGUEIREDO SILES                                            CP000003
10203734487000124036700782851        003734487000124000000778800002992            176000029929             I06140513000000299200002992            15051300000003906983413074201000000000016400000000000000000000000000000000000000000000000000000000000000000000000039053400000000000000000000000000   15051300000000000000000000000FRANCISCO SOUSA DA SILVA                                            CP000004
10203734487000124036700782851                                 00002995            176000029952             I06140513          00002995            000000000000002250034108664  000000000016400000000000000000000000000000000000000000000000000000000000000000000000002233600000000000000000000000000   15051300000000000000000000000                                                                    BL000005
10203734487000124036700782851                                 00003006            176000030067             I06140513          00003006            000000000000026584123723309  000000000016400000000000000000000000000000000000000000000000000000000000000000000000026567700000000000000000000000000   15051300000000000000000000000                                                                    B3000006
10203734487000124036700782851                                 00003008            176000030083             I06140513          00003008            000000000000014774534116840  000000000016400000000000000000000000000000000000000000000000000000000000000000000000014758100000000000000000000000000   15051300000000000000000000000                                                                    AA000007
10203734487000124036700782851                                 00003014            176000030141             I06140513          00003014            000000000000006341234110355  000000000016400000000000000000000000000000000000000000000000000000000000000000000000006324800000000000000000000000000   15051300000000000000000000000                                                                    AA000008
9201341          000000000000000000000000000000          000000000000000000000000000000                                                  000000000000000000000000000000          0000004300000008306474  15/05S007530000000700000000971036                                                                                                                                                                000009
