02RETORNO01COBRANCA       036700782851        UNIAO EDUC E TEC IMPACTA      341BANCO ITAU S.A.21051301600BPI00758220513                                                                                                                                                                                                                                                                                   000001
10203734487000124036700782851        003734487000124000000778800003090            176000030901             I06210513000000309000003090            22051300000003000003411491001000000000016400000000000000000000000000000000000000000000000000000000000000000000000029983600000000000000000000000000   22051300000000000000000000000EMERSON PEDROSO DE MORAIS                                           AA000002
10203734487000124036700782851        003734487000124000000778800003106            176000031065             I06210513000000310600003106            22051300000000635883418499601000000000016400000000000000000000000000000000000000000000000000000000000000000000000006342400000000000000000000000000   22051300000000000000000000000GUSTAVO DAVID LOPES                                                 BL000003
10203734487000124036700782851        003734487000124000000778800003108            176000031081             I06210513000000310800003108            22051300000001074743411586701000000000016400000000000000000000000000000000000000000000000000000000000000000000000010731000000000000000000000000000   22051300000000000000000000000FLAVIO DE OLIVEIRA                                                  CP000004
10203734487000124036700782851                                 00003115            176000031156             I06210513          00003115            000000000000014913000157174  000000000016400000000000000000000000000000000000000000000000000000000000000000000000014896600000000000000000000000000   22051300000000000000000000000                                                                    B1000005
9201341          000000000000000000000000000000          000000000000000000000000000000                                                  000000000000000000000000000000          0000005900000009537447  22/05S007580000000400000000620192                                                                                                                                                                000006
