02RETORNO01COBRANCA       036700782851        UNIAO EDUC E TEC IMPACTA      341BANCO ITAU S.A.22051301600BPI00759230513                                                                                                                                                                                                                                                                                   000001
10203734487000124036700782851                                 18524031            156185240319             I2422051339430     18524031            150413000000129600034128613  000000000035000000000000000000000000000000000000000000000000000000000000000000000000000000000000000000000000000000000         32440000000000000000000CARREFOUR COMERCIO E INDUSTRIA                                        000002
10203734487000124036700782851                                 31356731            157313567318             I02220513143769818231356731            150613000000000271034100463  000000000000000000000000000000000000000000000000000000000000000000000000000000000000000000000000000000000000000000000         00000000000000000000000WELLINGTON SOARES BURAI                                               000003
10203734487000124036700782851                                 31366827            157313668272             I0222051335130311.131366827            200613000000004074734128613  000000000000000000000000000000000000000000000000000000000000000000000000000000000000000000000000000000000000000000000         00000000000000000000000WAGNER DE MIRANDA BORGES                                              000004
10203734487000124036700782851                                 31366828            157313668280             I0222051335130311.231366828            200713000000004074734128613  000000000000000000000000000000000000000000000000000000000000000000000000000000000000000000000000000000000000000000000         00000000000000000000000WAGNER DE MIRANDA BORGES                                              000005
10203734487000124036700782851        003734487000124000000778800003093            176000030935             I06220513000000309300003093            22051300000000809403410048901000000000016400000000000000000000000000000000000000000000000000000000000000000000000008077600000000000000000000000000   23051300000000000000000000000JEFERSON DOS SANTOS SILVA                                           CP000006
10203734487000124036700782851        003734487000124000000778800003104            176000031040             I06220513000000310400003104            22051300000001990392370278201000000000016400000000000000000000000000000000000000000000000000000000000000000000000019887500000000000000000000000000   23051300000000000000000000000HECTOR SPAGNUOLO PITARCH                                            B1000007
10203734487000124036700782851        003734487000124000000778800003110            176000031107             I06220513000000311000003110            22051300000000475003419335101000000000016400000000000000000000000000000000000000000000000000000000000000000000000004733600000000000000000000000000   23051300000000000000000000000CARLOS AUGUSTO GRANJA                                               CK000008
10203734487000124036700782851        003734487000124000000778800003118            176000031180             I06220513000000311800003118            23051300000000534432372574201000000000016400000000000000000000000000000000000000000000000000000000000000000000000005327900000000000000000000000000   23051300000000000000000000000THAIS SICCHIERI                                                     B3000009
10203734487000124036700782851        003734487000124000000778800003120            176000031206             I06220513000000312000003120            23051300000000242172370195801000000000016400000000000000000000000000000000000000000000000000000000000000000000000002405300000000000000000000000000   23051300000000000000000000000LUI FERNANDO DE FRAN U00E7A                                         B1000010
10203734487000124036700782851        003734487000124000000778800003121            176000031214             I06220513000000312100003121            23051300000005000002370195801000000000016400000000000000000000000000000000000000000000000000000000000000000000000049983600000000000000000000000000   23051300000000000000000000000LUI FERNANDO DE FRAN U00E7A                                         B1000011
10203734487000124036700782851                                 00003132            176000031321             I06220513          00003132            000000000000012000034107187  000000000016400000000000000000000000000000000000000000000000000000000000000000000000011983600000000000000000000000000   23051300000000000000000000000                                                                    BL000012
9201341          000000000000000000000000000000          000000000000000000000000000000                                                  000000000000000000000000000000          0000006200000009978227  23/05S007590000001100000002405343                                                                                                                                                                000013
