02RETORNO01COBRANCA       036700782851        UNIAO EDUC E TEC IMPACTA      341BANCO ITAU S.A.23051301600BPI00760240513                                                                                                                                                                                                                                                                                   000001
10203734487000124036700782851                                 31524680            157315246804             I02230513181304108431524680            270513000000002552634128613  000000000000000000000000000000000000000000000000000000000000000000000000000000000000000000000000000000000000000000000         00000000000000000000000PRICILLA DIAS DE CASTRO                                               000002
10203734487000124036700782851        003734487000124000000778800003122            176000031222             I06230513000000312200003122            24051300000001014601044135001000000000016400000000000000000000000000000000000000000000000000000000000000000000000010129600000000000000000000000000   24051300000000000000000000000EVERTON BALBINO DOS SANTOS                                          B1000003
10203734487000124036700782851        003734487000124000000778800003126            176000031263             I06230513000000312600003126            24051300000000457982371231001000000000016400000000000000000000000000000000000000000000000000000000000000000000000004563400000000000000000000000000   24051300000000000000000000000FABIO VIEIRA DA SILVA                                               B1000004
10203734487000124036700782851        003734487000124000000778800003135            176000031354             I06230513000000313500003135            24051300000002551163411661801000000000016400000000000000000000000000000000000000000000000000000000000000000000000025495200000000000000000000000000   24051300000000000000000000000ROBERTO REIS JUNIOR                                                 CP000005
10203734487000124036700782851                                 00003137            176000031370             I06230513          00003137            000000000000005652534129603  000000000016400000000000000000000000000000000000000000000000000000000000000000000000005636100000000000000000000000000   24051300000000000000000000000                                                                    BL000006
10203734487000124036700782851                                 00003139            176000031396             I06230513          00003139            000000000000023257523702113  000000000016400000000000000000000000000000000000000000000000000000000000000000000000023241100000000000000000000000000   24051300000000000000000000000                                                                    B2000007
10203734487000124036700782851                                 00003140            176000031404             I06230513          00003140            000000000000025124310402469  000000000016400000000000000000000000000000000000000000000000000000000000000000000000025107900000000000000000000000000   24051300000000000000000000000                                                                    B3000008
10203734487000124036700782851                                 00003141            176000031412             I06230513          00003141            000000000000011395323704994  000000000016400000000000000000000000000000000000000000000000000000000000000000000000011378900000000000000000000000000   24051300000000000000000000000                                                                    B3000009
10203734487000124036700782851                                 00003144            176000031446             I06230513          00003144            000000000000011395334184996  000000000016400000000000000000000000000000000000000000000000000000000000000000000000011378900000000000000000000000000   24051300000000000000000000000                                                                    CP000010
10203734487000124036700782851                                 00003161            176000031610             I06230513          00003161            000000000000000750023712393  000000000016400000000000000000000000000000000000000000000000000000000000000000000000000733600000000000000000000000000   24051300000000000000000000000                                                                    B3000011
9201341          000000000000000000000000000000          000000000000000000000000000000                                                  000000000000000000000000000000          0000006700000010438556  24/05S007600000001000000001203649                                                                                                                                                                000012
