02RETORNO01COBRANCA       036700782851        UNIAO EDUC E TEC IMPACTA      341BANCO ITAU S.A.24051301600BPI00761270513                                                                                                                                                                                                                                                                                   000001
10203734487000124036700782851                                 29361987            157293619873             I06240513891302018029361987            250513000000001650923725114  000000000016400000000000000000000000000000000000000000000000000000000000000000000000001634500000000000000000000000000   27051300000000000000000000000IVAN BASILIO STERZZA                                                B2000002
10203734487000124036700782851        003734487000124000000778800003123            176000031230             I06240513000000312300003123            24051300000002131002370538901000000000016400000000000000000000000000000000000000000000000000000000000000000000000021293600000000000000000000000000   27051300000000000000000000000GILBERTO DA SILVA MENDES                                            B2000003
10203734487000124036700782851        003734487000124000000778800003125            176000031255             I06240513000000312500003125            24051300000002923383414465101000000000016400000000000000000000000000000000000000000000000000000000000000000000000029217400000000000000000000000000   27051300000000000000000000000FABIO BRAGA DE NOVAIS                                               CK000004
10203734487000124036700782851        003734487000124000000778800003130            176000031305             I06240513000000313000003130            24051300000000457980331645101000000000016400000000000000000000000000000000000000000000000000000000000000000000000004563400000000000000000000000000   27051300000000000000000000000KATIA SANTOS DE SOUZA                                               B1000005
10203734487000124036700782851        003734487000124000000778800003131            176000031313             I06240513000000313100003131            24051300000000742452376489901000000000016400000000000000000000000000000000000000000000000000000000000000000000000007408100000000000000000000000000   27051300000000000000000000000ROGERIO MANOEL DOS SANTOS                                           B5000006
10203734487000124036700782851        003734487000124000000778800003142            176000031420             I06240513000000314200003142            25051300000001139530017832901000000000016400000000000000000000000000000000000000000000000000000000000000000000000011378900000000000000000000000000   27051300000000000000000000000CAROLINA MORIANI SINISCALCHI                                        B1000007
10203734487000124036700782851        003734487000124000000778800003143            176000031438             I06240513000000314300003143            25051300000001139530017832901000000000016400000000000000000000000000000000000000000000000000000000000000000000000011378900000000000000000000000000   27051300000000000000000000000BENOIT FRANCIS PATRICE LOEUILL                                      B1000008
10203734487000124036700782851        003734487000124000000778800003155            176000031552             I06240513000000315500003155            25051300000001315850333727501000000000016400000000000000000000000000000000000000000000000000000000000000000000000013142100000000000000000000000000   27051300000000000000000000000JESSIKA NEVES DA SILVA                                              B3000009
10203734487000124036700782851        003734487000124000000778800003156            176000031560             I06240513000000315600003156            25051300000001315850333727501000000000016400000000000000000000000000000000000000000000000000000000000000000000000013142100000000000000000000000000   27051300000000000000000000000WANDERSON SILVA SOUZA                                               B3000010
10203734487000124036700782851        003734487000124000000778800003158            176000031586             I06240513000000315800003158            25051300000000195000013382901000000000016400000000000000000000000000000000000000000000000000000000000000000000000001933600000000000000000000000000   27051300000000000000000000000RODRIGO RAFAEL ARAUJO MEDEIROS                                      B3000011
10203734487000124036700782851        003734487000124000000778800003159            176000031594             I06240513000000315900003159            25051300000001374003416311501000000000016400000000000000000000000000000000000000000000000000000000000000000000000013723600000000000000000000000000   27051300000000000000000000000ANDRE ALBUQUERQUE MORENO                                            CP000012
10203734487000124036700782851        003734487000124000000778800003162            176000031628             I06240513000000316200003162            25051300000000195000013382901000000000016400000000000000000000000000000000000000000000000000000000000000000000000001933600000000000000000000000000   27051300000000000000000000000IURI MANDELA SIMAO BATISTA                                          B3000013
10203734487000124036700782851                                 00003167            176000031677             I06240513          00003167            000000000000006640134101768  000000000016400000000000000000000000000000000000000000000000000000000000000000000000006623700000000000000000000000000   27051300000000000000000000000                                                                    CK000014
10203734487000124036700782851                                 00003170            178000031707             I06240513          00003170            000000000000015600034185308  000000000004000000000000000000000000000000000000000000000000000000000000000000000000015596000000000000000000000000000   27051300000000000000000000000                                                                    BL000015
9201341          000000000000000000000000000000          000000000000000000000000000000                                                  000000000000000000000000000000          0000006200000010053677  27/05S007610000001400000001531867                                                                                                                                                                000016
