02RETORNO01COBRANCA       036700782851        UNIAO EDUC E TEC IMPACTA      341BANCO ITAU S.A.31051301600BPI00765030613                                                                                                                                                                                                                                                                                   000001
10203734487000124036700782851        003734487000124000000778800003214            176000032147             I06310513000000321400003214            31051300000000970900332050301000000000016400000000000000000000000000000000000000000000000000000000000000000000000009692600000000000000000000000000   03061300000000000000000000000ERIKA FERNANDES LIMA                                                B1000002
10203734487000124036700782851        003734487000124000000778800003221            176000032212             I06310513000000322100003221            31051300000001683372372310101000000000016400000000000000000000000000000000000000000000000000000000000000000000000016817300000000000000000000000000   03061300000000000000000000000ALINE PEREIRA DO PRADO                                              B2000003
10203734487000124036700782851        003734487000124000000778800003224            176000032246             I06310513000000322400003224            31051300000007624703415651501000000000016400000000000000000000000000000000000000000000000000000000000000000000000076230600000000000000000000000000   03061300000000000000000000000DANIEL VICENTE DE SOUZA                                             CP000004
10203734487000124036700782851                                 00003234            178000032341             I06310513          00003234            000000000000004560034131302  000000000004000000000000000000000000000000000000000000000000000000000000000000000000004556000000000000000000000000000   03061300000000000000000000000                                                                    BL000005
9201341          000000000000000000000000000000          000000000000000000000000000000                                                  000000000000000000000000000000          0000004800000008669388  03/06S007650000000400000001073497                                                                                                                                                                000006
