34100000                        3251608101362                           UNIAO EDUC E TECNOL IMPACTA   BANCO ITAU S.A                          215082012030140000002040                                                            RETORNO TESTE 
34100011D0550                   3251608101362                           UNIAO EDUC E TECNOL IMPACTA                                                                                                                                             
3410001300001A00000034100367 000000068298 6BRUNO BARBOSA                 NF                  17082012REA000000000000000000000000000100325108141000004     000000000000000000000000100000000000000000                    0003335806980001        
34100015         000003000000000000000100000000000000000000                                                                                                                                                                                     
34199999         000001000005                                                                                                                                                                                                                   
