02RETORNO01COBRANCA       22926000058548000000PREFEITURA MUNICIPAL DE SAO MI001BANCO DO BRASIL0205110000019                                          2250771                                                                                                                                                                                                                                              000001
10000000000000000229260000585482250771                         2250771000000193110000001   01900000000000 1806020511                              000000000000000800000113811000405110000500000000000000000000000000000000000000000000000000000000000000000000000000008000000000000000000000000000000000000000000000000000750020000000000000          0000000000000000000000000000000000000000000000000001000002
10000000000000000229260000585482250771                         2250771000000193210000001   01900000000000 1806020511                              000000000000000800010418310000405110000500000000000000000000000000000000000000000000000000000000000000000000000000008000000000000000000000000000000000000000000000000000750020000000000000          0000000000000000000000000000000000000000000000000010000003
10000000000000000229260000585482250771                         2250771000000193410000001   01900000000000 1806020511                              000000000000000500000141270000405110000500000000000000000000000000000000000000000000000000000000000000000000000000005000000000000000000000000000000000000000000000000000450020000000000000          0000000000000000000000000000000000000000000000000001000004
10000000000000000229260000585482250771                         2250771000000193710000001   01900000000000 1806020511                              000000000000000800010427550000405110000500000000000000000000000000000000000000000000000000000000000000000000000000008000000000000000000000000000000000000000000000000000750020000000000000          0000000000000000000000000000000000000000000000000010000005
10000000000000000229260000585482250771                         2250771000000194010000001   01900000000000 1806020511                              000000000000000800010427550000405110000500000000000000000000000000000000000000000000000000000000000000000000000000008000000000000000000000000000000000000000000000000000750020000000000000          0000000000000000000000000000000000000000000000000010000006
10000000000000000229260000585482250771                         2250771000000194210000001   01900000000000 1806020511                              000000000000000800000141270000405110000500000000000000000000000000000000000000000000000000000000000000000000000000008000000000000000000000000000000000000000000000000000750020000000000000          0000000000000000000000000000000000000000000000000001000007
10000000000000000229260000585482250771                         2250771000000194710000001   01900000000000 1806020511                              000000000000000800010427550000405110000500000000000000000000000000000000000000000000000000000000000000000000000000008000000000000000000000000000000000000000000000000000750020000000000000          0000000000000000000000000000000000000000000000000010000008
9201001          000000000000000000000000000000          000000000000000000000000000000          000000000000000000000000000000          000000000000000000000000000000                                                  000000000000000000000000000000                                                                                                                                                   000167
